% Encoding: UTF-8

@Book{Cooling2017,
  author    = {Jim Cooling},
  publisher = {Independently Published},
  title     = {Real-time Operating Systems: Book 1 - The Theory},
  year      = {2017},
}

@Book{Winzker2008,
  author    = {Marco Winzker},
  publisher = {Vieweg-Verlag, Wiesbaden},
  title     = {Elektronik für Entscheider: Grundwissen für Wirtschaft und Technik},
  year      = {2008},
}

@Misc{Systems2017,
  author = {Planetary Transportation Systems},
  note   = {Aufgerufen am 31.12.2020.},
  title  = {Our Partners - University of Wuerzburg},
  year   = {2017},
  url    = {https://www.pts.space/partners/universitat-wurzburg/},
}

@Misc{MikrocontrollerInterrupt,
  title   = {Interrupt - Mikrocontroller.net},
  year    = {o. D.},
  note    = {Aufgerufen am 02.01.2021.},
  owner   = {mikrocontroller.net},
  url     = {https://www.mikrocontroller.net/articles/Interrupt},
}

@Misc{Turner2020,
  author = {Jason Turner},
  month  = {Juli},
  note   = {Aufgerufen am 03.01.2021},
  title  = {High Performance Bit Pattern},
  year   = {2020},
  url    = {https://github.com/lefticus/cpp_weekly/commits/master/HighPerfBitPattern},
}

@Book{HeinzWoern2005,
  author    = {Heinz Wörn, Uwe Brinkschulte},
  publisher = {Springer-Verlag},
  title     = {Echtzeitsysteme},
  year      = {2005},
}

@Misc{RODOS2017,
  author = {Universität Würzburg - Lehrstuhl für Informatik VIII - Informationstechnik für Luft- und Raumfahrt},
  note   = {Aufgerufen am 31.12.2020.},
  title  = {RODOS},
  year   = {o.D.},
  url    = {https://www.informatik.uni-wuerzburg.de/aerospaceinfo/wissenschaftforschung/rodos/},
}

@Comment{jabref-meta: databaseType:bibtex;}

% Encoding: UTF-8
